@ARTICLE{van_der_Marel_Besla_Cox_Sohn_Anderson_2012,
       author = {van der Marel, Roeland P. and Besla, Gurtina and Cox, T. J. and Sohn, Sangmo Tony and Anderson, Jay},
        title = "{THE M31 VELOCITY VECTOR. III. FUTURE MILKY WAY M31–M33 ORBITAL EVOLUTION, MERGING, AND FATE OF THE SUN}",
      journal = {The Astrophysical Journal},
         year = 2012,
        month = june,
       volume = {753},
       number = {1},
          doi = {10.1088/0004-637x/753/1/9},
}

@ARTICLE{Brooks_Christensen_2016,
       author = {Brooks, Alyson and Christensen, Charlotte},
        title = "{Bulge formation via mergers in cosmological simulations}",
      journal = {Astrophysics and Space Science Library},
         year = 2016,
       volume = {418},
        pages = {317-353},
          doi = {10.1007/978-3-319-19378-6_12},
}

@ARTICLE{Torrey_Cox_Kewley_Hernquist_2012,
       author = {Torrey, Paul and Cox, T. J. and Kewley, Lisa and Hernquist, Lars},
        title = "{The metallicity evolution of interacting galaxies}",
      journal = {The Astrophysical Journal},
         year = 2012,
        month = january,
       volume = {746},
        pages = {108-127},
          doi = {10.1088/0004-637x/746/1/108},
}

@ARTICLE{Takamiya_Sofue_2000,
       author = {Takamiya, Tsutomu and Sofue, Yoshiaki},
        title = "{Radial distribution of the mass-to-luminosity ratio in spiral galaxies and massive dark cores}",
      journal = {The Astrophysical Journal},
         year = 2000,
        month = May,
       volume = {534},
        pages = {670–683},
          doi = {10.1086/308770},
}

@ARTICLE{Pastrav_Popescu_Tuffs_Sansom_2013,
       author = {Pastrav, B. A. and Popescu, C. C. and Tuffs, R. J. and Sansom, A. E.},
        title = "{The effects of dust on the derived photometric parameters of disks and bulges in spiral galaxies}",
      journal = {Astronomy & Astrophysics},
         year = 2013,
        month = May,
       volume = {553},
          doi = {10.1051/0004-6361/201220962},
}

@ARTICLE{Willman_Strader_2012,
       author = {Willman, B. and Strader, J.},
        title = "{Galaxy, Defined}",
      journal = {The Astronomical Journal},
         year = 2012,
        month = August,
       volume = {144},
          doi = {10.1088/0004-6256/144/3/76},
}

@ARTICLE{Hunter_2007,
       author = {Hunter, John D.},
        title = "{Matplotlib: A 2D graphics environment}",
      journal = {Computing in Science & Engineering},
         year = 2007,
       volume = {9},
          doi = {10.1109/mcse.2007.55},
}

@ARTICLE{van_der_Walt_Colbert_Varoquaux_2011,
       author = {van der Walt, Stéfan and Colbert, S Chris and Varoquaux, Gaël},
        title = "{The NumPy array: A structure for efficient numerical computation}",
      journal = {Computing in Science & Engineering},
         year = 2011,
        month = March,
       volume = {13},
        pages = {22–30},
          doi = {10.1109/mcse.2011.37},
}

@ARTICLE{Astropy_Collaberation_2013,
       author = {Astropy Collaberation et al.},
        title = "{Astropy: A Community Python package for Astronomy}",
      journal = {Astronomy and Astrophysics},
         year = 2013,
        month = September,
       volume = {558},
          doi = {10.1051/0004-6361/201322068},
}