@ARTICLE{van_der_Marel_Besla_Cox_Sohn_Anderson_2012,
       author = {van der Marel, Roeland P. and Besla, Gurtina and Cox, T. J. and Sohn, Sangmo Tony and Anderson, Jay},
        title = "{THE M31 VELOCITY VECTOR. III. FUTURE MILKY WAY M31â€“M33 ORBITAL EVOLUTION, MERGING, AND FATE OF THE SUN}",
      journal = {The Astrophysical Journal},
         year = 2012,
        month = june,
       volume = {753},
       number = {1},
        pages = {21},
          doi = {10.1088/0004-637x/753/1/9},
}

@ARTICLE{Brooks_Christensen_2016,
       author = {Brooks, Alyson and Christensen, Charlotte},
        title = "{Bulge formation via mergers in cosmological simulations}",
      journal = {Astrophysics and Space Science Library},
         year = 2016,
       volume = {418},
        pages = {317-353},
          doi = {10.1007/978-3-319-19378-6_12},
}

@ARTICLE{Torrey_Cox_Kewley_Hernquist_2012,
       author = {Torrey, Paul and Cox, T. J. and Kewley, Lisa and Hernquist, Lars},
        title = "{The metallicity evolution of interacting galaxies}",
      journal = {The Astrophysical Journal},
         year = 2012,
        month = january,
       volume = {746},
        pages = {108-127},
          doi = {10.1088/0004-637x/746/1/108},
}